@book{thompson2001x,
  title={X-ray data booklet},
  author={Thompson, Albert C and Vaughan, Douglas and others},
  volume={8},
  number={4},
  year={2001},
  publisher={Lawrence Berkeley National Laboratory, University of California Berkeley, CA}
}